

<marc:record><marc:leader>     naaaa       uu     </marc:leader><marc:controlfield tag="001">https://library.oapen.org/handle/20.500.12657/63038</marc:controlfield><marc:controlfield tag="005">20230516</marc:controlfield><marc:controlfield tag="003">oapen</marc:controlfield><marc:controlfield tag="006">m     o  d        </marc:controlfield><marc:controlfield tag="007">cr|mn|---annan</marc:controlfield><marc:controlfield tag="008">20230516s2023    xx |||||o     ||| 0|eng d</marc:controlfield><marc:datafield tag="020" ind1=" " ind2=" "><marc:subfield code="a">978-981-99-1023-6</marc:subfield></marc:datafield><marc:datafield tag="020" ind1=" " ind2=" "><marc:subfield code="a">9789819910236</marc:subfield></marc:datafield><marc:datafield tag="020" ind1=" " ind2=" "><marc:subfield code="a">9789819910229</marc:subfield></marc:datafield><marc:datafield tag="040" ind1=" " ind2=" "><marc:subfield code="a">oapen</marc:subfield><marc:subfield code="c">oapen</marc:subfield></marc:datafield><marc:datafield tag="024" ind1="7" ind2=" "><marc:subfield code="a">10.1007/978-981-99-1023-6</marc:subfield><marc:subfield code="c">doi</marc:subfield></marc:datafield><marc:datafield tag="041" ind1="0" ind2=" "><marc:subfield code="a">eng</marc:subfield></marc:datafield><marc:datafield tag="042" ind1=" " ind2=" "><marc:subfield code="a">dc</marc:subfield></marc:datafield><marc:datafield tag="072" ind1=" " ind2="7"><marc:subfield code="a">PHM</marc:subfield><marc:subfield code="2">bicssc</marc:subfield></marc:datafield><marc:datafield tag="072" ind1=" " ind2="7"><marc:subfield code="a">THK</marc:subfield><marc:subfield code="2">bicssc</marc:subfield></marc:datafield><marc:datafield tag="072" ind1=" " ind2="7"><marc:subfield code="a">TNKS</marc:subfield><marc:subfield code="2">bicssc</marc:subfield></marc:datafield><marc:datafield tag="072" ind1=" " ind2="7"><marc:subfield code="a">PHN</marc:subfield><marc:subfield code="2">bicssc</marc:subfield></marc:datafield><marc:datafield tag="072" ind1=" " ind2="7"><marc:subfield code="a">RNH</marc:subfield><marc:subfield code="2">bicssc</marc:subfield></marc:datafield><marc:datafield tag="072" ind1=" " ind2="7"><marc:subfield code="a">MMN</marc:subfield><marc:subfield code="2">bicssc</marc:subfield></marc:datafield><marc:datafield tag="100" ind1="1" ind2=" "><marc:subfield code="a">Liu, Chengmin</marc:subfield><marc:subfield code="4">edt</marc:subfield></marc:datafield><marc:datafield tag="700" ind1="1" ind2=" "><marc:subfield code="a">Liu, Chengmin</marc:subfield><marc:subfield code="4">oth</marc:subfield></marc:datafield><marc:datafield tag="245" ind1="1" ind2="0"><marc:subfield code="a">Proceedings of the 23rd Pacific Basin Nuclear Conference, Volume 1</marc:subfield><marc:subfield code="b">PBNC 2022, 1 - 4 November, Beijing &amp; Chengdu, China</marc:subfield></marc:datafield><marc:datafield tag="260" ind1=" " ind2=" "><marc:subfield code="a">Singapore</marc:subfield><marc:subfield code="b">Springer Nature</marc:subfield><marc:subfield code="c">2023</marc:subfield></marc:datafield><marc:datafield tag="300" ind1=" " ind2=" "><marc:subfield code="a">1 electronic resource (1163 p.)</marc:subfield></marc:datafield><marc:datafield tag="336" ind1=" " ind2=" "><marc:subfield code="a">text</marc:subfield><marc:subfield code="b">txt</marc:subfield><marc:subfield code="2">rdacontent</marc:subfield></marc:datafield><marc:datafield tag="337" ind1=" " ind2=" "><marc:subfield code="a">computer</marc:subfield><marc:subfield code="b">c</marc:subfield><marc:subfield code="2">rdamedia</marc:subfield></marc:datafield><marc:datafield tag="338" ind1=" " ind2=" "><marc:subfield code="a">online resource</marc:subfield><marc:subfield code="b">cr</marc:subfield><marc:subfield code="2">rdacarrier</marc:subfield></marc:datafield><marc:datafield tag="490" ind1="1" ind2=" "><marc:subfield code="a">Springer Proceedings in Physics</marc:subfield><marc:subfield code="v">283</marc:subfield></marc:datafield><marc:datafield tag="506" ind1="0" ind2=" "><marc:subfield code="a">Open Access</marc:subfield><marc:subfield code="2">star</marc:subfield><marc:subfield code="f">Unrestricted online access</marc:subfield></marc:datafield><marc:datafield tag="520" ind1=" " ind2=" "><marc:subfield code="a">This is the first in a series of three volumes of proceedings of the 23rd Pacific Basin Nuclear Conference (PBNC 2022) which was held by Chinese Nuclear Society. As one in the most important and influential conference series of nuclear science and technology, the 23rd PBNC was held in Beijing and Chengdu, China in 2022 with the theme “Nuclear Innovation for Zero-carbon Future”. For taking solid steps toward the goals of achieving peak carbon emissions and carbon neutrality, future-oriented nuclear energy should be developed in an innovative way for meeting global energy demands and coordinating the deployment mechanism. It brought together outstanding nuclear scientists and technical experts, senior industry executives, senior government officials and international energy organization leaders from all across the world. The proceedings highlight the latest scientific, technological and industrial advances in Nuclear Safety and Security, Operations and Maintenance, New Builds, Waste Management, Spent Fuel, Decommissioning, Supply Capability and Quality Management, Fuel Cycles, Digital Reactor and New Technology, Innovative Reactors and New Applications, Irradiation Effects, Public Acceptance and Education, Economics, Medical and Biological Applications, and also the student program that intends to raise students’ awareness in fully engaging in this career and keep them updated on the current situation and future trends. These proceedings are not only a good summary of the new developments in the field, but also a useful guideline for the researchers, engineers and graduate students. This is an open access book.</marc:subfield></marc:datafield><marc:datafield tag="540" ind1=" " ind2=" "><marc:subfield code="a">Creative Commons</marc:subfield><marc:subfield code="f">by/4.0/</marc:subfield><marc:subfield code="2">cc</marc:subfield><marc:subfield code="4">http://creativecommons.org/licenses/by/4.0/</marc:subfield></marc:datafield><marc:datafield tag="546" ind1=" " ind2=" "><marc:subfield code="a">English</marc:subfield></marc:datafield><marc:datafield tag="650" ind1=" " ind2="7"><marc:subfield code="a">Atomic &amp; molecular physics</marc:subfield><marc:subfield code="2">bicssc</marc:subfield></marc:datafield><marc:datafield tag="650" ind1=" " ind2="7"><marc:subfield code="a">Nuclear power &amp; engineering</marc:subfield><marc:subfield code="2">bicssc</marc:subfield></marc:datafield><marc:datafield tag="650" ind1=" " ind2="7"><marc:subfield code="a">Security &amp; fire alarm systems</marc:subfield><marc:subfield code="2">bicssc</marc:subfield></marc:datafield><marc:datafield tag="650" ind1=" " ind2="7"><marc:subfield code="a">Nuclear physics</marc:subfield><marc:subfield code="2">bicssc</marc:subfield></marc:datafield><marc:datafield tag="650" ind1=" " ind2="7"><marc:subfield code="a">Waste management</marc:subfield><marc:subfield code="2">bicssc</marc:subfield></marc:datafield><marc:datafield tag="650" ind1=" " ind2="7"><marc:subfield code="a">Nuclear medicine</marc:subfield><marc:subfield code="2">bicssc</marc:subfield></marc:datafield><marc:datafield tag="653" ind1=" " ind2=" "><marc:subfield code="a">Nuclear energy</marc:subfield></marc:datafield><marc:datafield tag="653" ind1=" " ind2=" "><marc:subfield code="a">Science, innovative technology, and applications</marc:subfield></marc:datafield><marc:datafield tag="653" ind1=" " ind2=" "><marc:subfield code="a">Carbon neutrality</marc:subfield></marc:datafield><marc:datafield tag="653" ind1=" " ind2=" "><marc:subfield code="a">Carbon emission peak</marc:subfield></marc:datafield><marc:datafield tag="653" ind1=" " ind2=" "><marc:subfield code="a">Nuclear power reactor</marc:subfield></marc:datafield><marc:datafield tag="653" ind1=" " ind2=" "><marc:subfield code="a">Safety and security</marc:subfield></marc:datafield><marc:datafield tag="653" ind1=" " ind2=" "><marc:subfield code="a">Waste management</marc:subfield></marc:datafield><marc:datafield tag="653" ind1=" " ind2=" "><marc:subfield code="a">Public acceptance and education</marc:subfield></marc:datafield><marc:datafield tag="653" ind1=" " ind2=" "><marc:subfield code="a">Nuclear medicine</marc:subfield></marc:datafield><marc:datafield tag="653" ind1=" " ind2=" "><marc:subfield code="a">Conference proceedings</marc:subfield></marc:datafield><marc:datafield tag="856" ind1="4" ind2="0"><marc:subfield code="a">www.oapen.org</marc:subfield><marc:subfield code="u">https://library.oapen.org/bitstream/id/bc6ab6ce-3e96-43dc-b901-18f04ee6ac85/978-981-99-1023-6.pdf</marc:subfield><marc:subfield code="7">0</marc:subfield><marc:subfield code="z">OAPEN Library: download the publication</marc:subfield></marc:datafield><marc:datafield tag="856" ind1="4" ind2="0"><marc:subfield code="a">www.oapen.org</marc:subfield><marc:subfield code="u">https://library.oapen.org/handle/20.500.12657/63038</marc:subfield><marc:subfield code="7">0</marc:subfield><marc:subfield code="z">OAPEN Library: description of the publication</marc:subfield></marc:datafield></marc:record>