

<marc:record><marc:leader>     naaaa       uu     </marc:leader><marc:controlfield tag="001">https://library.oapen.org/handle/20.500.12657/63723</marc:controlfield><marc:controlfield tag="005">20230703</marc:controlfield><marc:controlfield tag="003">oapen</marc:controlfield><marc:controlfield tag="006">m     o  d        </marc:controlfield><marc:controlfield tag="007">cr|mn|---annan</marc:controlfield><marc:controlfield tag="008">20230703s2023    xx |||||o     ||| 0|eng d</marc:controlfield><marc:datafield tag="020" ind1=" " ind2=" "><marc:subfield code="a">books978-3-0365-2093-3</marc:subfield></marc:datafield><marc:datafield tag="020" ind1=" " ind2=" "><marc:subfield code="a">9783036520940</marc:subfield></marc:datafield><marc:datafield tag="040" ind1=" " ind2=" "><marc:subfield code="a">oapen</marc:subfield><marc:subfield code="c">oapen</marc:subfield></marc:datafield><marc:datafield tag="024" ind1="7" ind2=" "><marc:subfield code="a">10.3390/books978-3-0365-2093-3</marc:subfield><marc:subfield code="c">doi</marc:subfield></marc:datafield><marc:datafield tag="041" ind1="0" ind2=" "><marc:subfield code="a">eng</marc:subfield></marc:datafield><marc:datafield tag="042" ind1=" " ind2=" "><marc:subfield code="a">dc</marc:subfield></marc:datafield><marc:datafield tag="072" ind1=" " ind2="7"><marc:subfield code="a">GP</marc:subfield><marc:subfield code="2">bicssc</marc:subfield></marc:datafield><marc:datafield tag="072" ind1=" " ind2="7"><marc:subfield code="a">PS</marc:subfield><marc:subfield code="2">bicssc</marc:subfield></marc:datafield><marc:datafield tag="100" ind1="1" ind2=" "><marc:subfield code="a">Szczepanowska, Hanna</marc:subfield><marc:subfield code="4">auth</marc:subfield></marc:datafield><marc:datafield tag="245" ind1="1" ind2="0"><marc:subfield code="a">Biodeterioration of Cultural Heritage</marc:subfield><marc:subfield code="b">Dynamic Interfaces between Fungi, Fungal Pigments and Paper</marc:subfield></marc:datafield><marc:datafield tag="260" ind1=" " ind2=" "><marc:subfield code="a">Basel</marc:subfield><marc:subfield code="b">MDPI Press</marc:subfield><marc:subfield code="c">2023</marc:subfield></marc:datafield><marc:datafield tag="300" ind1=" " ind2=" "><marc:subfield code="a">1 electronic resource (186 p.)</marc:subfield></marc:datafield><marc:datafield tag="336" ind1=" " ind2=" "><marc:subfield code="a">text</marc:subfield><marc:subfield code="b">txt</marc:subfield><marc:subfield code="2">rdacontent</marc:subfield></marc:datafield><marc:datafield tag="337" ind1=" " ind2=" "><marc:subfield code="a">computer</marc:subfield><marc:subfield code="b">c</marc:subfield><marc:subfield code="2">rdamedia</marc:subfield></marc:datafield><marc:datafield tag="338" ind1=" " ind2=" "><marc:subfield code="a">online resource</marc:subfield><marc:subfield code="b">cr</marc:subfield><marc:subfield code="2">rdacarrier</marc:subfield></marc:datafield><marc:datafield tag="506" ind1="0" ind2=" "><marc:subfield code="a">Open Access</marc:subfield><marc:subfield code="2">star</marc:subfield><marc:subfield code="f">Unrestricted online access</marc:subfield></marc:datafield><marc:datafield tag="520" ind1=" " ind2=" "><marc:subfield code="a">Fungi-induced stains on paper are one of the most challenging forms of biodeterioration to study and to prevent; this is because they involve living organisms, and the ways in which fungi respond to changes in the environment and modifications of paper are unpredictable. Yet, there is a great desire among those who encounter fungi on documents, manuscripts, or artwork to remove fungi and clean the paper. This experience in most cases is particularly challenging. What are the reasons behind this challenge? This ground-breaking book attempts to answer this question, among others, by exploring the complex interfacial forces between paper, fungi, and their pigmented secretions which result in bio-stains on paper. Black fungi, collectively referred to as Dematiaceous fungi, were used in this study as a subset of pigment-producing fungi species. The focus is on two, under-studied aspects of the fungi infestation of paper, an interface of fungal pigments and paper, and the impact of light on the production of fungi bio-stains. The results of analytical testing included in this book elucidate the synergistic interactions between the environment, biological clocks of the microorganisms, and secretion of fungal pigments to paper. The black fungal pigment formation is explored in-depth in two scenarios: one that is ‘natural’, when the bio-stains of original artworks have occurred over time by chance, and another, induced by Aspergillus niger, in bio-simulation on known papers in a controlled environment. The findings are intended to provide guidance for preservation strategies, mitigating the biodeterioration of paper, and designing conservation treatment when applicable. The surface of artworks and artifacts is of great aesthetic and artistic importance; conversely, it plays a significant role in governing fungal attachments. In this book, the paper surface is characterized in detail and in correlation with chemical and physical alterations caused by fungal pigmentation. A broad range of analytical instruments was used for surface characterization, such as surface metrology profilometers, a confocal laser scanning microscope, and environmental scanning electron microscope; chemical microanalysis was carried out using X-ray energy dispersive spectroscopy. The novel, three-dimensional characterization of pigmented fungal inclusions and their interaction with paper matrix was studied with micro-X-ray-computed micro-tomography on the synchrotron ESRF. The proposed book is the first to explore the complexity of fungal–paper interactions with the intention to assist professionals working with cultural materials, especially paper-based materials, to make informed decisions when dealing with the fungi infestation of paper.</marc:subfield></marc:datafield><marc:datafield tag="540" ind1=" " ind2=" "><marc:subfield code="a">Creative Commons</marc:subfield><marc:subfield code="f">https://creativecommons.org/licenses/by-nc-nd/4.0/</marc:subfield><marc:subfield code="2">cc</marc:subfield><marc:subfield code="4">https://creativecommons.org/licenses/by-nc-nd/4.0/</marc:subfield></marc:datafield><marc:datafield tag="546" ind1=" " ind2=" "><marc:subfield code="a">English</marc:subfield></marc:datafield><marc:datafield tag="650" ind1=" " ind2="7"><marc:subfield code="a">Research &amp; information: general</marc:subfield><marc:subfield code="2">bicssc</marc:subfield></marc:datafield><marc:datafield tag="650" ind1=" " ind2="7"><marc:subfield code="a">Biology, life sciences</marc:subfield><marc:subfield code="2">bicssc</marc:subfield></marc:datafield><marc:datafield tag="653" ind1=" " ind2=" "><marc:subfield code="a">Dematiaceous fungi; fungal pigments; X-ray-CT microtomography; fungi-paper interfaces</marc:subfield></marc:datafield><marc:datafield tag="856" ind1="4" ind2="0"><marc:subfield code="a">www.oapen.org</marc:subfield><marc:subfield code="u">https://library.oapen.org/bitstream/id/d4d05316-2766-4ef1-87df-bf51ec067d6d/Biodeterioration of Cultural Heritage-HBK.pdf</marc:subfield><marc:subfield code="7">0</marc:subfield><marc:subfield code="z">OAPEN Library: download the publication</marc:subfield></marc:datafield><marc:datafield tag="856" ind1="4" ind2="0"><marc:subfield code="a">www.oapen.org</marc:subfield><marc:subfield code="u">https://library.oapen.org/handle/20.500.12657/63723</marc:subfield><marc:subfield code="7">0</marc:subfield><marc:subfield code="z">OAPEN Library: description of the publication</marc:subfield></marc:datafield></marc:record>